@book{velleman,
    author = {Daniel J. Velleman},
    year = {2006},
    title = {How to Prove It: A Structured Approach},
    publisher = {Cambridge University Press},
    address = {New York}
}
@book{orwell,
    author = {George Orwell},
    year = {1949},
    title = {1984},
    publisher = {Secker and Warburg},
    address = {London}
}
@book{cormen,
    title={Introduction to algorithms},
    author={Cormen, Thomas H and Leiserson, Charles E and Rivest, Ronald L and Stein, Clifford},
    year={2009},
    publisher={MIT press}
}

